@Manual{KohmMorawski2012,
  title =        {KOMA-Script},
  author =       {Kohm, Markus and Morawski, Jens-Uwe},
  year =         2012,
}

@Book{KohmMorawski2012b,
  author =       {Kohm, Markus and Morawski, Jens-Uwe},
  title =        {KOMA-Script},
  publisher =    {Verlag:Lehmanns},
  year =         2012,
  address =      {Berlin},
  edition =      {4. Auflage},
}

@Manual{Tantau2007,
  title =        {The TikZ and PGF Packages. Manual for version 2.00},
  key =          {tikz},
  author =       {Tantau, Till},
  address =      {Lübeck},
  month =        feb,
  year =         2008,
  url =          {http://sourceforge.net/projects/pgf},
}

@Manual{l2short,
  title =        {The Not So Short Introduction to LATEX2e},
  author =       {Tobias Oetiker and Hubert Partl and Irene Hyna and
                  Elisabeth Schlegl},
  year =         2011,
  url =          {http://tobi.oetiker.ch/lshort/lshort.pdf},
}

@Manual{l2tabu,
  title =        {Das LATEX 2e-Sündenregister},
  author =       {Marc Ensenbach and Mark Trettin},
  year =         2011,
  url =
                  {http://mirror.ctan.org/info/l2tabu/german/l2tabu.pdf},
}

@Manual{listings,
  title =        {The Listings Package},
  author =       {Carsten Heinz and Brooks Moses},
  year =         2007,
  url =
                  {http://mirrors.ctan.org/macros/latex/contrib/listings/listings.pdf},
}

@Manual{ntheorem,
  title =        {An Extension of the LATEX-Theorem Evironment},
  author =       {Wolfgang May and Andreas Schedler},
  year =         2011,
  url = {http://mirrors.ctan.org/macros/latex/contrib/ntheorem/ntheorem.pdf},
}

@Manual{fixme,
  title =        {FiXme – Collaborative annotation tool for LATEX},
  author =       {Didier Verna},
  year =         2009,
  url = {http://mirror.ctan.org/macros/latex/contrib/fixme/fixme.pdf},
}


@Book{vanDongen2012,
  author =       {Marc R. C. van Dongeren},
  title =        {LaTeX and Friends},
  publisher =    {Springer},
  year =         2012
}

